<?xml version="1.0" encoding="UTF-8"?><collection xmlns="http://www.loc.gov/MARC21/slim"><record><leader>00714nam--2200181-i-4500</leader><controlfield tag="001">000014715</controlfield><controlfield tag="002">20161230</controlfield><controlfield tag="005">20170114234855</controlfield><controlfield tag="008">060222s1000------------r-----000-0-eng-d</controlfield><datafield ind1=" " ind2=" " tag="040"><subfield code="a">IFIN-HH</subfield></datafield><datafield ind1=" " ind2=" " tag="080"><subfield code="a">537.531:548.7:539.27</subfield></datafield><datafield ind1="1" ind2=" " tag="100"><subfield code="a">Brill, R</subfield></datafield><datafield ind1="1" ind2="0" tag="245"><subfield code="a">Advances in structure research by diffraction methods. Fortschritte der strukturforschung mit beugungsmethoden</subfield><subfield code="b">Volume 1. with contribution of G.E. Bacon, B.K. Vainshtein, J. Karle, W. Hoppe, H. Jagodzinski, A. Niggli</subfield><subfield code="c">R. Brill (ed.)</subfield></datafield><datafield ind1=" " ind2=" " tag="260"><subfield code="a">Braunschweig</subfield><subfield code="b">Friedr. Vieweg &amp; Sohn</subfield><subfield code="c">1964</subfield></datafield><datafield ind1=" " ind2=" " tag="300"><subfield code="a">221 p</subfield></datafield><datafield ind1=" " ind2=" " tag="490"><subfield code="a">Advances In Structure Research By Diffraction Methods</subfield><subfield code="v">Volume 1</subfield></datafield><datafield ind1=" " ind2=" " tag="852"><subfield code="a">22403</subfield><subfield code="c">537.531</subfield></datafield><datafield ind1=" " ind2=" " tag="CAT"><subfield code="a">SYS</subfield><subfield code="c">20170114</subfield><subfield code="h">234855</subfield></datafield></record></collection>